<?xml version="1.0" encoding="UTF-8"?><record xmlns="http://www.loc.gov/MARC21/slim" xmlns:cinclude="http://apache.org/cocoon/include/1.0" xmlns:zs="http://www.loc.gov/zing/srw/">
  <leader>00342nz  a2200121n  4500</leader>
  <controlfield tag="001">nr 99039808 </controlfield>
  <controlfield tag="003">DLC</controlfield>
  <controlfield tag="005">19991218013623.0</controlfield>
  <controlfield tag="008">991216n| acannaabn           n aaa     c</controlfield>
  <datafield tag="010" ind1=" " ind2=" ">
    <subfield code="a">nr 99039808 </subfield>
  </datafield>
  <datafield tag="040" ind1=" " ind2=" ">
    <subfield code="a">CSmH</subfield>
    <subfield code="b">eng</subfield>
    <subfield code="c">CSmH</subfield>
  </datafield>
  <datafield tag="100" ind1="1" ind2=" ">
    <subfield code="a">Flaherty, F. F.</subfield>
  </datafield>
  <datafield tag="670" ind1=" " ind2=" ">
    <subfield code="a">Day, B.H. The seven seas at seventy and seven, 1952?:</subfield>
    <subfield code="b">introduction (F.F. Flaherty)</subfield>
  </datafield>
</record>